@Book{ Strang03,
	author		= {Gilbert Strang},
	title		= {{Introduction to Linear Algebra}},
	publisher	= {Wellesley-Cambridge Press},
	year		= {2003},
	edition		= {{Third}}
}

@Book{ Strang97,
	author		= {Gilbert Strang and Kai Borre},
	title		= {{Linear Algebra, Geodesy, and GPS}},
	publisher	= {{Siam}},
	year		= {1997}
}

@Book{ Bronson07,
	author		= {Richard Bronson and Gabriel B. Costa},
	title		= {{Linear Algebra}},
	publisher	= {{Academic Press}},
	year		= {2007},
	edition		= {{Second}},
	isbn		= {9780120887842}
}

@Book{ Hartley03,
	author		= {Richard Hartley and Andrew Zisserman},
	title		= {{Multiple View Geometry in Computer Vision}},
	publisher	= {{Cambridge University Press}},
	year		= {2003},
	edition		= {{Second}},
	isbn		= {0521540518}
}

@Book{ Gopal93,
	author		= {M. Gopal},
	title		= {{Modern Control System Theory}},
	year		= {1993},
}

@article{ Weng92,
	author		= {J. Weng and T.S. Huang and N. Ahuja},
	title		= {{Motion and Structure from Line Correspondences; Closed-Form Solution, Uniqueness, and Optimization}},
	journal		= {{IEEE Transactions on Pattern Analysis and Machine Intelligence}},
	volume		= {14},
	number		= {3},
	issn		= {0162-8828},
	year		= {1992},
	pages		= {318-336},
	doi			= {http://doi.ieeecomputersociety.org/10.1109/34.120327},
	publisher	= {{IEEE Computer Society}},
	address		= {{Los Alamitos, CA, USA}},
}

@article{ Forstner87,
        author 	= {W. F\"orstner and E. Gulch},
        title 	= {{A Fast Operator for Detection and Precise Location of Distinct Points, Corners and Centres of Circular Features}},
        journal = {{ISPS Intercommission Workshop, Interlaken}},
        year 	= {1987},
        pages 	= {281-305}
}

@Book{ Ma06,
	author		= {Yi Ma and Stefano Soatto and Jana Ko\v{s}eck\'{a} and S. Shankar Sastry},
	title		= {{An Invitation to 3-D Vision}},
	publisher	= {Springer},
	year		= {2006}
}

@Misc{ Belongie04,
	author		= {Serge Belongie},
	title		= {{CSE 252B: Computer Vision 2, Lecture Notes}},
	note		= {http://www.cse.ucsd.edu/classes/sp04/cse252b},
	year		= {2004}
}

@Book{ Brannan99,
	author 		= {Brannan, D.A. and Esplen, M.F. and Gray, J.J.},
	title 		= {Geometry},
	publisher 	= {Cambridge University Press},
	year 		= {1999},
	edition 	= {{First}}
}
